<?xml version="1.0" encoding="UTF-8"?><record xmlns="http://www.loc.gov/MARC21/slim" xmlns:cinclude="http://apache.org/cocoon/include/1.0" xmlns:zs="http://www.loc.gov/zing/srw/">
  <leader>00739nz  a2200193n  4500</leader>
  <controlfield tag="001">n 2012187774</controlfield>
  <controlfield tag="003">DLC</controlfield>
  <controlfield tag="005">20120901075157.0</controlfield>
  <controlfield tag="008">120831n| acannaabn          |b aaa      </controlfield>
  <datafield tag="010" ind1=" " ind2=" ">
    <subfield code="a">n 2012187774</subfield>
  </datafield>
  <datafield tag="035" ind1=" " ind2=" ">
    <subfield code="a">(DNLM)1174697</subfield>
  </datafield>
  <datafield tag="040" ind1=" " ind2=" ">
    <subfield code="a">DNLM</subfield>
    <subfield code="b">eng</subfield>
    <subfield code="c">DNLM</subfield>
  </datafield>
  <datafield tag="100" ind1="1" ind2=" ">
    <subfield code="a">Smychëk, V. B.</subfield>
  </datafield>
  <datafield tag="400" ind1="1" ind2=" ">
    <subfield code="a">Смычёк, В. Б.</subfield>
  </datafield>
  <datafield tag="400" ind1="1" ind2=" ">
    <subfield code="a">Smychëk, Vasiliĭ Borisovich</subfield>
  </datafield>
  <datafield tag="400" ind1="1" ind2=" ">
    <subfield code="a">Смычёк, Василий Борисович</subfield>
  </datafield>
  <datafield tag="667" ind1=" " ind2=" ">
    <subfield code="a">Non-Latin script reference not evaluated.</subfield>
  </datafield>
  <datafield tag="670" ind1=" " ind2=" ">
    <subfield code="a">Sovremennye aspekty invalidnosti, 2012:</subfield>
    <subfield code="b">t.p. (В.Б. Смычёк = V.B. Smychëk) colophon (Смычёк Василий Борисович = Smychëk Vasiliĭ Borisovich)</subfield>
  </datafield>
  <datafield tag="670" ind1=" " ind2=" ">
    <subfield code="a">NLM files, Aug. 29, 2012</subfield>
    <subfield code="b">(hdg.: Smychëk, V.B.)</subfield>
  </datafield>
</record>